@article{mabrito,
	author={Mark Mabrito},
	title={A Study of Synchronous Versus Asynchronous Collaboration
	in an Online Business Writing Class},
	journal={Amer. Journal of Distance Education},
	volume={20},
	number={2},
	year = {2006},
}

@article{rubin,
	author={Steve Rubin and Floraine Berthouzoz and Gautham J. Mysore and Wilmot Li and Maneesh Agrawala},
	title={Content-Based Tools for Editing Audio Stories},
	journal={UIST '13},
	year={2013}
}

@article{whittaker,
	author={Steve Whittaker and others},
	title={{SCANMail}: a voicemail interface that makes speech browsable, readable and searchable},
	journal={CHI Letters},
	volume={4},
	number={1},
	year={2002}
}

@article{oomen,
	author={Jody Oomen-Early and Mary Bold and Kristin L. Wiginton and Tara L. Gallien and Nancy Anderson},
	title={Using asynchronous audio communication ({AAC}) in the online classroom: a comparative study},
	journal={Journal of Online Learning and Teaching},
	volume={4},
	number={3},
	year={2008}
}

@article{ice,
	author={Philip Ice and Reagan Curtis and Perry Phillips and John Wells},
	title={USING ASYNCHRONOUS AUDIO FEEDBACK TO ENHANCE TEACHING PRESENCE AND STUDENTS’ SENSE OF COMMUNITY},
	journal={Journal of Asynchronous Learning Networks},
	volume={11},
	number={2},
	year={2007}
}

@article{cho,
	author = {Cho, Thomas},
	title = {Linguistic Features of Electronic Mail in the Workplace:  A Comparison with Memoranda}
	journal = {Language@Internet},
	year = 	{2010},
	volume = {7},
	number = {3},
	url = {http://nbn-resolving.de/urn:nbn:de:0009-7-27287}
}

@article{byron,
	author = {Kristin Byron},
	title = {Carrying Too Heavy a Load? The Communication and Miscommunication of Emotion by Email},
	journal={Academy of Management Review},
	year={2008},
	volume={33},
	number={2},
}

@article{casares,
	author={Juan Casares and others},
	title={Simplifying Video Editing Using Metadata},
	journal={DIS '02 Proceedings},
	year={2002}
}

@article{mitros6002,
	author={Piotr F. Mitros and others},
	title={Teaching Electronic Circuits Online: Lessons from {MITx}’s 6.002x on {edX}},
	journal={IEEE Symposium on Circuits and Systems},
	year={2013}
}

@article{baker,
	author={Janet M. Baker and others},
	title={Developments and directions in speech recognition and understanding, Part 1},
	journal={Signal Processing, IEEE},
	year={2009},
	volume={26},
	number={3}
}

@article{bargeron,
	author={David Bargeron and others},
	title={Asynchronous Collaboration Around Multimedia Applied to On-Demand Education},
	journal={Journal of Management Information Systems},
	volume={18},
	number={4},
	year={2002}
}

@article{grudin,
	author={Jonathan Grudin},
	title={Why {CSCW} applications fail: Problems in the design and evaluation of organizational interfaces},
	journal={ACM Conference on Computer-Supported Cooperative Work},
	year={1988}
}

@article{yoon,
	author={Dongwook Yoon and Nicholas Chen and Francois Guimbretiere and Abigail Sellen},
	title={{RichReview}: Blending Ink, Speech, and Gesture to Support Collaborative Document Review},
	journal={UIST '14 Proceedings},
	year={2014}
}

@article{mitrosUbiq,
	author={Piotr Mitros and Anant Agarwal and Vik Paruchuri},
	title={{MOOC}s and Technology to Advance Learning and Learning Research: Assessment in Digital At-Scale Learning Environments},
	journal={ACM Ubiquity Symposium},
	year={2014}
}

@online{django,
	title={Django (version 1.5)},
	howpublished={\url{https://djangoproject.com}},
	year={2013},
	note={Retrieved 16 Jul 2015}
}

@article{whittaker_semantic,
	author={Steve Whittaker and Brian Amento},
	title={Semantic Speech Editing},
	journal={CHI Letters},
	year={2004}
}

@inproceedings{Klemmer:2002:WSC:503376.503378,
  author =       {Klemmer, Scott R. and Thomsen, Michael and
                  Phelps-Goodman, Ethan and Lee, Robert and Landay,
                  James A.},
  title =        {Where Do Web Sites Come from?: Capturing and
                  Interacting with Design History},
  booktitle =    {Proceedings of the SIGCHI Conference on Human
                  Factors in Computing Systems},
  series =       {CHI '02},
  year =         2002,
  isbn =         {1-58113-453-3},
  location =     {Minneapolis, Minnesota, USA},
  pages =        {1--8},
  numpages =     8,
  url =          {http://doi.acm.org/10.1145/503376.503378},
  doi =          {10.1145/503376.503378},
  acmid =        503378,
  publisher =    {ACM},
  address =      {New York, NY, USA},
  keywords =     {CSCW, activity capture, design rationale, history
                  management, informal interfaces, sketching, tangible
                  UI, web design},
}

@inproceedings{Mather:2000:MUT,
  title =        {Making up titles for conference papers},
  author =       {Mather, B. D.},
  booktitle =    {Ext. Abstracts CHI 2000},
  year =         2000,
  publisher =    "ACM Press",
  pages =        "1-2",
}

@book{Schwartz:1995:GBF,
  title =        {Guidelines for Bias-Free Writing},
  author =       {Marilyn Schwartz},
  address =      {Bloomington, IN, USA},
  year =         1995,
  publisher =    {ERIC}
}

@inproceedings{Zellweger:2001:FAO:504216.504224,
  author =       {Zellweger, Polle T. and Bouvin, Niels Olof and
                  Jeh{\o}j, Henning and Mackinlay, Jock D.},
  title =        {Fluid annotations in an open world},
  booktitle =    {Proc. Hypertext 2001},
  year =         2001,
  pages =        {9--18},
  publisher =    {ACM Press},
}

@misc{acm_categories,
  key =          "ACM",
  author =       {ACM},
  title =        {How to Classify Works Using ACM's Computing
                  Classification System},
  year =         1998,
  note =         {\url{http://www.acm.org/class/how_to_use.html}},
}

@Misc{cavender:writing,
  author =       {Anna Cavender and Shari Trewin and Vicki Hanson},
  title =        {Accessible Writing Guide},
  year =         2014,
  day =          22,
  note =
                  {\url{http://www.sigaccess.org/welcome-to-sigaccess/resources/accessible-writing-guide/}},
  annote =       {URL}
}

@article{ethics,
  title =        {{Social Impacts of Computing: Codes of Professional
                  Ethics}},
  author =       {Ronald E. Anderson},
  doi =          "10.1177/089443939201000402",
  journal =      "Social Science Computer Review December",
  year =         1992,
  volume =       10,
  number =       4,
  pages =        "453-469"
}

@Misc{heilig:sensorama,
  author =       {Morton L. Heilig},
  title =        {Sensorama Simulator},
  howpublished = {U.S. Patent 3,050,870},
  month =        {August},
  day =          28,
  year =         1962,
  note =         {Filed Februrary 22, 1962.},
  annote =       {is this right?}
},

@article{kaye:puc,
  year =         2014,
  issn =         {1617-4909},
  journal =      {Personal and Ubiquitous Computing},
  volume =       18,
  number =       4,
  doi =          {10.1007/s00779-014-0773-4},
  title =        {Special issue on science fiction and ubiquitous
                  computing},
  url =          {http://dx.doi.org/10.1007/s00779-014-0773-4},
  publisher =    {Springer London},
  author =       {Kaye, Jofish and Dourish, Paul},
  pages =        {765-766},
  language =     {English}
}

@PhdThesis{sutherland:sketchpad,
  author =       {Ivan E. Sutherland},
  title =        {Sketchpad, a Man-Machine Graphical Communication
                  System},
  school =       {Massachusetts Institute of Technology},
  year =         1963,
  address =      {Cambridge, MA},
}

@InBook{winner:politics,
  author =       {Langdon Winner},
  title =        {The Social Shaping of Technology},
  chapter =      {Do artifacts have politics?},
  publisher =    {Open University Press},
  year =         1999,
  address =      {UK},
  edition =      {2nd},
  pages =        {28--40},
}
